@article{Farrell2019,
  author = {Farrell, Annie and Wang, Guiming and Rush, Scott A. and Martin, James A. and Belant, Jerrold L. and Butler, Adam B. and Godwin, Dave},
  doi = {10.1002/ece3.5177},
  issn = {2045-7758},
  journal = {Ecology and Evolution},
  month = {may},
  number = {10},
  pages = {5938--5949},
  title = {{Machine learning of large‐scale spatial distributions of wild turkeys with high‐dimensional environmental data}},
  url = {https://onlinelibrary.wiley.com/doi/abs/10.1002/ece3.5177},
  volume = {9},
  year = {2019}
}

@article{Ghojogh2019,
  archivePrefix = {arXiv},
  arxivId = {1905.02845},
  author = {Ghojogh, Benyamin and Samad, Maria N. and Mashhadi, Sayema Asif and Kapoor, Tania and Ali, Wahab and Karray, Fakhri and Crowley, Mark},
  eprint = {1905.02845},
  month = {may},
  title = {{Feature Selection and Feature Extraction in Pattern Analysis: A Literature Review}},
  url = {http://arxiv.org/abs/1905.02845},
  year = {2019}
}

@article{Cai2018,
  author = {Cai, Jie and Luo, Jiawei and Wang, Shulin and Yang, Sheng},
  doi = {10.1016/j.neucom.2017.11.077},
  issn = {18728286},
  journal = {Neurocomputing},
  keywords = {Data mining,Dimensionality reduction,Feature selection,Machine learning},
  month = {jul},
  pages = {70--79},
  publisher = {Elsevier B.V.},
  title = {{Feature selection in machine learning: A new perspective}},
  volume = {300},
  year = {2018}
}

@inproceedings{kira1992,
  title={The feature selection problem: Traditional methods and a new algorithm},
  author={Kira, Kenji and Rendell, Larry A and others},
  booktitle={Aaai},
  volume={2},
  pages={129--134},
  year={1992}
}

@article{kononenko1997,
  title={Overcoming the myopia of inductive learning algorithms with RELIEFF},
  author={Kononenko, Igor and {\v{S}}imec, Edvard and Robnik-{\v{S}}ikonja, Marko},
  journal={Applied Intelligence},
  volume={7},
  number={1},
  pages={39--55},
  year={1997},
  publisher={Springer}
}

@inproceedings{Boukir2019,
  author = {Boukir, S. and Feng, W.},
  booktitle = {IGARSS 2019 - 2019 IEEE International Geoscience and Remote Sensing Symposium},
  doi = {10.1109/IGARSS.2019.8898167},
  isbn = {978-1-5386-9154-0},
  month = {jul},
  pages = {3093--3096},
  publisher = {IEEE},
  title = {{Identifying and Correcting Mislabeled Satellite Image Data by Iterative Ordering of Ensemble Margins}},
  url = {https://ieeexplore.ieee.org/document/8898167/},
  year = {2019}
}

@article{Paris2019,
  author = {Paris, Claudia and Bruzzone, Lorenzo and Fernandez-Prieto, Diego},
  doi = {10.1109/tgrs.2018.2890404},
  issn = {0196-2892},
  journal = {IEEE Transactions on Geoscience and Remote Sensing},
  number = {7},
  pages = {4259--4277},
  publisher = {IEEE},
  title = {{A Novel Approach to the Unsupervised Update of Land-Cover Maps by Classification of Time Series of Multispectral Images}},
  volume = {57},
  year = {2019}
}

@article{Brodley1999,
  archivePrefix = {arXiv},
  arxivId = {1106.0219},
  author = {Brodley, C. E. and Friedl, M. A.},
  doi = {10.1613/jair.606},
  eprint = {1106.0219},
  journal = {Journal Of Artificial Intelligence Research},
  month = {jun},
  pages = {131--167},
  title = {{Identifying Mislabeled Training Data}},
  url = {http://arxiv.org/abs/1106.0219 http://dx.doi.org/10.1613/jair.606},
  volume = {11},
  year = {1999}
}

@article{Jiang2004,
  author = {Jiang, Yuan and Zhou, Zhi Hua},
  doi = {10.1007/978-3-540-28647-9_60},
  issn = {03029743},
  journal = {Lecture Notes in Computer Science (including subseries Lecture Notes in Artificial Intelligence and Lecture Notes in Bioinformatics)},
  pages = {356--361},
  title = {{Editing training data for kNN classifiers with neural network ensemble}},
  volume = {3173},
  year = {2004}
}

@article{Yuan2018,
  author = {Yuan, Weiwei and Guan, Donghai and Zhu, Qi and Ma, Tinghuai},
  doi = {10.1007/s00521-016-2589-9},
  issn = {09410643},
  journal = {Neural Computing and Applications},
  keywords = {Ensemble learning,Mislabeled data filtering,Noise-free data},
  month = {may},
  number = {10},
  pages = {673--683},
  publisher = {Springer London},
  title = {{Novel mislabeled training data detection algorithm}},
  volume = {29},
  year = {2018}
}

@article{Zhang2018,
  author = {Zhang, Xinbin},
  doi = {10.2139/ssrn.3080736},
  journal = {SSRN Electronic Journal},
  month = {apr},
  publisher = {Elsevier BV},
  title = {{An Improved Method of Identifying Mislabeled Data and the Mislabeled Data in MNIST and CIFAR-10}},
  year = {2018}
}

@inproceedings{Liu2008,
  author = {Liu, Fei Tony and Ting, Kai Ming and Zhou, Zhi Hua},
  booktitle = {Proceedings - IEEE International Conference on Data Mining, ICDM},
  doi = {10.1109/ICDM.2008.17},
  isbn = {9780769535029},
  issn = {15504786},
  pages = {413--422},
  title = {{Isolation forest}},
  year = {2008}
}

@inproceedings{Pelletier2017Filtering,
  author = {Pelletier, Charlotte and Valero, Silvia and Inglada, Jordi and Dedieu, G{\'{e}}rard and Champion, Nicolas},
  booktitle = {2017 9th International Workshop on the Analysis of Multitemporal Remote Sensing Images, MultiTemp 2017},
  doi = {10.1109/Multi-Temp.2017.8035217},
  isbn = {9781538633274},
  month = {sep},
  publisher = {Institute of Electrical and Electronics Engineers Inc.},
  title = {{Filtering mislabeled data for improving time series classification}},
  year = {2017}
}

@article{Pelletier2017Effect,
  author = {Pelletier, Charlotte and Valero, Silvia and Inglada, Jordi and Champion, Nicolas and {Marais Sicre}, Claire and Dedieu, G{\'{e}}rard},
  doi = {10.3390/rs9020173},
  file = {:Users/jfonseca/Library/Application Support/Mendeley Desktop/Downloaded/Pelletier et al. - 2017 - Effect of Training Class Label Noise on Classification Performances for Land Cover Mapping with Satellite Imag.pdf:pdf},
  issn = {2072-4292},
  journal = {Remote Sensing},
  month = {feb},
  number = {2},
  pages = {173},
  title = {{Effect of Training Class Label Noise on Classification Performances for Land Cover Mapping with Satellite Image Time Series}},
  url = {http://www.mdpi.com/2072-4292/9/2/173},
  volume = {9},
  year = {2017}
}

@article{Garcia-Gil2019,
  archivePrefix = {arXiv},
  arxivId = {1704.01770},
  author = {Garc{\'{i}}a-Gil, Diego and Luengo, Juli{\'{a}}n and Garc{\'{i}}a, Salvador and Herrera, Francisco},
  doi = {10.1016/j.ins.2018.12.002},
  eprint = {1704.01770},
  issn = {00200255},
  journal = {Information Sciences},
  keywords = {Big Data,Class noise,Classification,Label noise.,Smart Data},
  month = {apr},
  pages = {135--152},
  publisher = {Elsevier Inc.},
  title = {{Enabling Smart Data: Noise filtering in Big Data classification}},
  volume = {479},
  year = {2019}
}

@article{Zhang2019,
  author = {Zhang, Weining and Wang, Dong and Tan, Xiaoyang},
  doi = {10.1007/s11063-018-9963-9},
  isbn = {1106301899639},
  issn = {1573773X},
  journal = {Neural Processing Letters},
  keywords = {Class-specific autoencoder,Classification,Data cleaning,Label noise,Outliers},
  number = {2},
  pages = {1845--1860},
  publisher = {Springer New York LLC},
  title = {{Robust Class-Specific Autoencoder for Data Cleaning and Classification in the Presence of Label Noise}},
  url = {https://doi.org/10.1007/s11063-018-9963-9},
  volume = {50},
  year = {2019}
}

@article{Rolnick2017,
  archivePrefix = {arXiv},
  arxivId = {1705.10694},
  author = {Rolnick, David and Veit, Andreas and Belongie, Serge and Shavit, Nir},
  eprint = {1705.10694},
  month = {may},
  title = {{Deep Learning is Robust to Massive Label Noise}},
  url = {http://arxiv.org/abs/1705.10694},
  year = {2017}
}

@inproceedings{Liu2008,
  author = {Liu, Fei Tony and Ting, Kai Ming and Zhou, Zhi Hua},
  booktitle = {Proceedings - IEEE International Conference on Data Mining, ICDM},
  doi = {10.1109/ICDM.2008.17},
  isbn = {9780769535029},
  issn = {15504786},
  pages = {413--422},
  title = {{Isolation forest}},
  year = {2008}
}

@article{Khatami2016,
  author = {Khatami, Reza and Mountrakis, Giorgos and Stehman, Stephen V.},
  doi = {10.1016/J.RSE.2016.02.028},
  issn = {0034-4257},
  journal = {Remote Sensing of Environment},
  month = {may},
  pages = {89--100},
  publisher = {Elsevier},
  title = {{A meta-analysis of remote sensing research on supervised pixel-based land-cover image classification processes: General guidelines for practitioners and future research}},
  url = {https://www.sciencedirect.com/science/article/abs/pii/S0034425716300578},
  volume = {177},
  year = {2016}
}

@article{Maxwell2018,
  author = {Maxwell, Aaron E. and Warner, Timothy A. and Fang, Fang},
  doi = {10.1080/01431161.2018.1433343},
  issn = {13665901},
  journal = {International Journal of Remote Sensing},
  keywords = {Image classification,Land-cover classification,Landcover mapping,Machine learning},
  number = {9},
  pages = {2784--2817},
  publisher = {Taylor {\&} Francis},
  title = {{Implementation of machine-learning classification in remote sensing: An applied review}},
  url = {https://doi.org/10.1080/01431161.2018.1433343},
  volume = {39},
  year = {2018}
}

@article{Roy2019,
  archivePrefix = {arXiv},
  arxivId = {1902.06701},
  author = {Roy, Swalpa Kumar and Krishna, Gopal and Dubey, Shiv Ram and Chaudhuri, Bidyut B.},
  doi = {10.1109/lgrs.2019.2918719},
  eprint = {1902.06701},
  issn = {1545-598X},
  journal = {IEEE Geoscience and Remote Sensing Letters},
  month = {jun},
  pages = {1--5},
  publisher = {Institute of Electrical and Electronics Engineers (IEEE)},
  title = {{HybridSN: Exploring 3-D-2-D CNN Feature Hierarchy for Hyperspectral Image Classification}},
  year = {2019}
}

@article{Zhang2017,
  author = {Zhang, Xiaodong and Chen, Guanzhou and Wang, Wenbo and Wang, Qing and Dai, Fan},
  doi = {10.1109/JSTARS.2017.2672736},
  issn = {21511535},
  journal = {IEEE Journal of Selected Topics in Applied Earth Observations and Remote Sensing},
  keywords = {Deep learning (DL),object-based image classification (OBIC),stacked autoencoders (SAE),stacked denoising autoencoders (SDAE)},
  month = {jul},
  number = {7},
  pages = {3373--3385},
  publisher = {Institute of Electrical and Electronics Engineers},
  title = {{Object-Based Land-Cover Supervised Classification for Very-High-Resolution UAV Images Using Stacked Denoising Autoencoders}},
  volume = {10},
  year = {2017}
}

@article{Li2016,
  author = {Li, Weijia and Fu, Haohuan and Yu, Le and Gong, Peng and Feng, Duole and Li, Congcong and Clinton, Nicholas},
  doi = {10.1080/01431161.2016.1246775},
  issn = {13665901},
  journal = {International Journal of Remote Sensing},
  month = {dec},
  number = {23},
  pages = {5632--5646},
  publisher = {Taylor and Francis Ltd.},
  title = {{Stacked Autoencoder-based deep learning for remote-sensing image classification: a case study of African land-cover mapping}},
  volume = {37},
  year = {2016}
}
